@book {meuatalho,
title="Título do Livro",
author="Autor do livro",
publisher="Editora do livro",
address="Cidade",
year="2010"
}

@article {meuatalho2,
title="Título do Artigo",
author="Autor do artigo",
journal="Revista do artigo",
year="2010"
}